@article{danan2004captioning,
  title={Captioning and subtitling: Undervalued language learning strategies},
  author={Danan, Martine},
  journal={Meta: Journal des traducteursMeta:/Translators' Journal},
  volume={49},
  number={1},
  pages={67--77},
  year={2004},
  publisher={Les Presses de l'Universit? de Montr? al}
}


